<record xmlns:xsi="http://www.w3.org/2001/XMLSchema-instance" xmlns="http://www.loc.gov/MARC21/slim" xsi:schemaLocation="http://www.loc.gov/MARC21/slim http://www.loc.gov/standards/marcxml/schema/MARC21slim.xsd">

  <leader>00664nam a2200157Ia 4500</leader>
  <datafield ind1=" " ind2=" " tag="999">
    <subfield code="c">1816</subfield>
    <subfield code="d">1816</subfield>
  </datafield>
  <controlfield tag="008">180424b1999    cr ||||| |||| 00| | spa d</controlfield>
  <datafield tag="090" ind1=" " ind2=" ">
    <subfield code="a">06.03.06 </subfield>
    <subfield code="b">608 (Material perdido)</subfield>
  </datafield>
  <datafield tag="110" ind2=" " ind1=" ">
    <subfield code="a">Costa Rica Ministerio de Educación Pública, División de Control de Calidad y Macroevaluación del Sistema Educativo</subfield>
  </datafield>
  <datafield tag="245" ind1="1" ind2="0">
    <subfield code="a">Evaluación del ingreso y la promoción de estudiantes en el programa de tercer ciclo de la educación general básica abierta y bachillerato por madurez suficiente</subfield>
  </datafield>
  <datafield ind1=" " ind2=" " tag="260">
    <subfield code="a">San José, Costa Rica : </subfield>
    <subfield code="b">MEP, </subfield>
    <subfield code="c">1999</subfield>
  </datafield>
  <datafield ind2=" " ind1=" " tag="300">
    <subfield code="a">39 página</subfield>
  </datafield>
  <datafield tag="650" ind2="4" ind1="1">
    <subfield code="a">EDUCACIÓN SECUNDARIA</subfield>
    <subfield code="9">456</subfield>
  </datafield>
  <datafield ind2="4" ind1="1" tag="650">
    <subfield code="a">EDUCACIÓN DE ADULTOS</subfield>
    <subfield code="9">809</subfield>
  </datafield>
  <datafield ind2="4" ind1="1" tag="650">
    <subfield code="a">ESTADÍSTICA </subfield>
    <subfield code="9">549</subfield>
  </datafield>
  <datafield tag="650" ind2="4" ind1="1">
    <subfield code="a">EVALUACIÓN </subfield>
    <subfield code="9">287</subfield>
  </datafield>
  <datafield tag="942" ind2=" " ind1=" ">
    <subfield code="2">z</subfield>
    <subfield code="c">01</subfield>
  </datafield>
</record>